%% This BibTeX bibliography file was created using BibDesk.
%% http://bibdesk.sourceforge.net/

%% Created for Christopher Weiss-Lehman at 2018-06-21 14:08:30 -0500 


%% Saved with string encoding Unicode (UTF-8) 



@article{shaw2015dispersal,
	Author = {Shaw, Allison K and Kokko, Hanna},
	Journal = {The American Naturalist},
	Pages = {631--639},
	Publisher = {University of Chicago Press Chicago, IL},
	Title = {Dispersal evolution in the presence of Allee effects can speed up or slow down invasions},
	Volume = {185},
	Year = {2015}}

@article{henry2013eco,
	Author = {Henry, Roslyn C and Bocedi, Greta and Travis, Justin MJ},
	Journal = {Journal of Theoretical Biology},
	Pages = {1--7},
	Publisher = {Elsevier},
	Title = {Eco-evolutionary dynamics of range shifts: elastic margins and critical thresholds},
	Volume = {321},
	Year = {2013}}

@article{atkins2010local,
	Author = {Atkins, KE and Travis, JMJ},
	Journal = {Journal of Theoretical Biology},
	Number = {3},
	Pages = {449--457},
	Publisher = {Elsevier},
	Title = {Local adaptation and the evolution of species' ranges under climate change},
	Volume = {266},
	Year = {2010}}

@article{hargreaves2015fitness,
	Author = {Hargreaves, AL and Bailey, SF and Laird, Robert A},
	Journal = {Journal of Evolutionary Biology},
	Number = {8},
	Pages = {1489--1501},
	Publisher = {Wiley Online Library},
	Title = {Fitness declines towards range limits and local adaptation to climate affect dispersal evolution during climate-induced range shifts},
	Volume = {28},
	Year = {2015}}

@article{aguilee2016pollen,
	Author = {Aguil{\'e}e, Robin and Raoul, Ga{\"e}l and Rousset, Fran{\c{c}}ois and Ronce, Oph{\'e}lie},
	Journal = {Proceedings of the National Academy of Sciences},
	Number = {39},
	Pages = {E5741--E5748},
	Publisher = {National Acad Sciences},
	Title = {Pollen dispersal slows geographical range shift and accelerates ecological niche shift under climate change},
	Volume = {113},
	Year = {2016}}

@article{hargreaves2014evolution,
	Author = {Hargreaves, Anna L and Eckert, Christopher G},
	Journal = {Functional Ecology},
	Number = {1},
	Pages = {5--21},
	Publisher = {Wiley Online Library},
	Title = {Evolution of dispersal and mating systems along geographic gradients: implications for shifting ranges},
	Volume = {28},
	Year = {2014}}

@article{chen2011rapid,
	Author = {Chen, I-Ching and Hill, Jane K and Ohlem{\"u}ller, Ralf and Roy, David B and Thomas, Chris D},
	Journal = {Science},
	Number = {6045},
	Pages = {1024--1026},
	Publisher = {American Association for the Advancement of Science},
	Title = {Rapid range shifts of species associated with high levels of climate warming},
	Volume = {333},
	Year = {2011}}

@article{parmesan2006ecological,
	Author = {Parmesan, Camille},
	Journal = {Annual Review of Ecology, Evolution, and Systematics},
	Pages = {637--669},
	Publisher = {Annual Reviews},
	Title = {Ecological and evolutionary responses to recent climate change},
	Volume = {37},
	Year = {2006}}

@article{hobbs2009novel,
	Author = {Hobbs, Richard J and Higgs, Eric and Harris, James A},
	Journal = {Trends in Ecology \& Evolution},
	Number = {11},
	Pages = {599--605},
	Publisher = {Elsevier},
	Title = {Novel ecosystems: implications for conservation and restoration},
	Volume = {24},
	Year = {2009}}

@article{loarie2009velocity,
	Author = {Loarie, Scott R and Duffy, Philip B and Hamilton, Healy and Asner, Gregory P and Field, Christopher B and Ackerly, David D},
	Journal = {Nature},
	Number = {7276},
	Pages = {1052},
	Publisher = {Nature Publishing Group},
	Title = {The velocity of climate change},
	Volume = {462},
	Year = {2009}}

@article{gonzalez2010global,
	Author = {Gonzalez, Patrick and Neilson, Ronald P and Lenihan, James M and Drapek, Raymond J},
	Journal = {Global Ecology and Biogeography},
	Number = {6},
	Pages = {755--768},
	Publisher = {Wiley Online Library},
	Title = {Global patterns in the vulnerability of ecosystems to vegetation shifts due to climate change},
	Volume = {19},
	Year = {2010}}

@article{hastings2005spatial,
	Author = {Hastings, Alan and Cuddington, Kim and Davies, Kendi F and Dugaw, Christopher J and Elmendorf, Sarah and Freestone, Amy and Harrison, Susan and Holland, Matthew and Lambrinos, John and Malvadkar, Urmila and others},
	Journal = {Ecology Letters},
	Number = {1},
	Pages = {91--101},
	Publisher = {Wiley Online Library},
	Title = {The spatial spread of invasions: new developments in theory and evidence},
	Volume = {8},
	Year = {2005}}

@article{shine2011evolutionary,
	Author = {Shine, Richard and Brown, Gregory P and Phillips, Benjamin L},
	Journal = {Proceedings of the National Academy of Sciences},
	Number = {14},
	Pages = {5708--5711},
	Publisher = {National Acad Sciences},
	Title = {An evolutionary process that assembles phenotypes through space rather than through time},
	Volume = {108},
	Year = {2011}}

@article{excoffier2009genetic,
	Author = {Excoffier, Laurent and Foll, Matthieu and Petit, R{\'e}my J},
	Journal = {Annual Review of Ecology, Evolution, and Systematics},
	Pages = {481--501},
	Publisher = {Annual Reviews},
	Title = {Genetic consequences of range expansions},
	Volume = {40},
	Year = {2009}}

@article{weiss2017rapid,
	Author = {Weiss-Lehman, Christopher and Hufbauer, Ruth A and Melbourne, Brett A},
	Journal = {Nature Communications},
	Pages = {14303},
	Publisher = {Nature Publishing Group},
	Title = {Rapid trait evolution drives increased speed and variance in experimental range expansions},
	Volume = {8},
	Year = {2017}}

@article{ochocki2017rapid,
	Author = {Ochocki, Brad M and Miller, Tom EX},
	Journal = {Nature Communications},
	Pages = {14315},
	Publisher = {Nature Publishing Group},
	Title = {Rapid evolution of dispersal ability makes biological invasions faster and more variable},
	Volume = {8},
	Year = {2017}}

@article{szHucs2017rapid,
	Author = {Sz{\H{u}}cs, M and Vahsen, ML and Melbourne, BA and Hoover, C and Weiss-Lehman, C and Hufbauer, RA},
	Journal = {Proceedings of the National Academy of Sciences},
	Number = {51},
	Pages = {13501--13506},
	Publisher = {National Acad Sciences},
	Title = {Rapid adaptive evolution in novel environments acts as an architect of population range expansion},
	Volume = {114},
	Year = {2017}}

@article{ricker1954stock,
	Author = {Ricker, William E},
	Journal = {Journal of the Fisheries Board of Canada},
	Number = {5},
	Pages = {559--623},
	Publisher = {NRC Research Press},
	Title = {Stock and recruitment},
	Volume = {11},
	Year = {1954}}

@article{melbourne2008extinction,
	Author = {Melbourne, Brett A and Hastings, Alan},
	Journal = {Nature},
	Number = {7200},
	Pages = {100},
	Publisher = {Nature Publishing Group},
	Title = {Extinction risk depends strongly on factors contributing to stochasticity},
	Volume = {454},
	Year = {2008}}

@article{team2000r,
	Author = {Team, R Core},
	Journal = {Vienna, Austria: R Foundation for Statistical Computing.},
	Title = {R language definition},
	Year = {2000}}
  
  @article{brooker2007modelling,
  title={Modelling species' range shifts in a changing climate: the impacts of biotic interactions, dispersal distance and the rate of climate change},
  author={Brooker, Rob W and Travis, Justin MJ and Clark, Ewen J and Dytham, Calvin},
  journal={Journal of Theoretical Biology},
  volume={245},
  number={1},
  pages={59--65},
  year={2007},
  publisher={Elsevier}}
  
  @article{boeye2013more,
  title={More rapid climate change promotes evolutionary rescue through selection for increased dispersal distance},
  author={Boeye, Jeroen and Travis, Justin MJ and Stoks, Robby and Bonte, Dries},
  journal={Evolutionary Applications},
  volume={6},
  number={2},
  pages={353--364},
  year={2013},
  publisher={Wiley Online Library}}
  
  @article{hereford2009quantitative,
  title={A quantitative survey of local adaptation and fitness trade-offs},
  author={Hereford, Joe},
  journal={The American Naturalist},
  volume={173},
  number={5},
  pages={579--588},
  year={2009},
  publisher={The University of Chicago Press}}
  
  @article{dallas2017species,
  title={Species are not most abundant in the centre of their geographic range or climatic niche},
  author={Dallas, Tad and Decker, Robin R and Hastings, Alan},
  journal={Ecology Letters},
  volume={20},
  number={12},
  pages={1526--1533},
  year={2017},
  publisher={Wiley Online Library}}
  
  @article{lenormand2002gene,
  title={Gene flow and the limits to natural selection},
  author={Lenormand, Thomas},
  journal={Trends in Ecology \& Evolution},
  volume={17},
  number={4},
  pages={183--189},
  year={2002},
  publisher={Elsevier}}
  
  @article{shaw2014population,
  title={Population-level consequences of risky dispersal},
  author={Shaw, Allison K and Jalasvuori, Matti and Kokko, Hanna},
  journal={Oikos},
  volume={123},
  number={8},
  pages={1003--1013},
  year={2014},
  publisher={Wiley Online Library}}
    
  @article{chen2017increasing,
  title={The increasing rate of global mean sea-level rise during 1993--2014},
  author={Chen, Xianyao and Zhang, Xuebin and Church, John A and Watson, Christopher S and King, Matt A and Monselesan, Didier and Legresy, Benoit and Harig, Christopher},
  journal={Nature Climate Change},
  volume={7},
  number={7},
  pages={492},
  year={2017},
  publisher={Nature Publishing Group}}
  
  @article{grimm2010odd,
  title={The ODD protocol: a review and first update},
  author={Grimm, Volker and Berger, Uta and DeAngelis, Donald L and Polhill, J Gary and Giske, Jarl and Railsback, Steven F},
  journal={Ecological Modelling},
  volume={221},
  number={23},
  pages={2760--2768},
  year={2010},
  publisher={Elsevier}}
  
  @article{phillips2015evolutionary,
  title={Evolutionary processes make invasion speed difficult to predict},
  author={Phillips, Ben L},
  journal={Biological Invasions},
  volume={17},
  number={7},
  pages={1949--1960},
  year={2015},
  publisher={Springer}}
  
  @article{lande1976natural,
	Author = {Lande, Russell},
	Journal = {Evolution},
	Number = {2},
	Pages = {314--334},
	Publisher = {Wiley Online Library},
	Title = {Natural selection and random genetic drift in phenotypic evolution},
	Volume = {30},
	Year = {1976}}
 
 @article{hill1999flight,
  title={Flight morphology in fragmented populations of a rare British butterfly, Hesperia comma},
  author={Hill, JK and Thomas, CD and Lewis, OT},
  journal={Biological Conservation},
  volume={87},
  number={3},
  pages={277--283},
  year={1999},
  publisher={Elsevier}}
  
  @article{thomas2001ecological,
  title={Ecological and evolutionary processes at expanding range margins},
  author={Thomas, Chris D and Bodsworth, EJ and Wilson, Robert J and Simmons, Adam D and Davies, Zoe G and Musche, Martin and Conradt, Larissa},
  journal={Nature},
  volume={411},
  number={6837},
  pages={577},
  year={2001},
  publisher={Nature Publishing Group}}
  
  @article{schloss2012dispersal,
  title={Dispersal will limit ability of mammals to track climate change in the Western Hemisphere},
  author={Schloss, Carrie A and Nu{\~n}ez, Tristan A and Lawler, Joshua J},
  journal={Proceedings of the National Academy of Sciences},
  volume={109},
  number={22},
  pages={8606--8611},
  year={2012},
  publisher={National Acad Sciences}}
  
  @article{elton1958ecology,
  title={The ecology of invasions by animals and plants.},
  author={Elton, CS},
  journal={The ecology of invasions by animals and plants.},
  year={1958},
  publisher={London: Methuen \& Co. Ltd.}}
  
  @article{hulme2009trade,
  title={Trade, transport and trouble: managing invasive species pathways in an era of globalization},
  author={Hulme, Philip E},
  journal={Journal of applied ecology},
  volume={46},
  number={1},
  pages={10--18},
  year={2009},
  publisher={Wiley Online Library}}  
  
  @article{skellam1951random,
  title={Random dispersal in theoretical populations},
  author={Skellam, John Gordon},
  journal={Biometrika},
  volume={38},
  number={1/2},
  pages={196--218},
  year={1951},
  publisher={JSTOR}}
  
  @article{fisher1937wave,
  title={The wave of advance of advantageous genes},
  author={Fisher, Ronald Aylmer},
  journal={Annals of eugenics},
  volume={7},
  number={4},
  pages={355--369},
  year={1937},
  publisher={Wiley Online Library}}
  
  @article{burton2010trade,
  title={Trade-offs and the evolution of life-histories during range expansion},
  author={Burton, Olivia J and Phillips, Ben L and Travis, Justin MJ},
  journal={Ecology letters},
  volume={13},
  number={10},
  pages={1210--1220},
  year={2010},
  publisher={Wiley Online Library}
}

@article{phillips2006invasion,
  title={Invasion and the evolution of speed in toads},
  author={Phillips, Benjamin L and Brown, Gregory P and Webb, Jonathan K and Shine, Richard},
  journal={Nature},
  volume={439},
  number={7078},
  pages={803},
  year={2006},
  publisher={Nature Publishing Group}
}

@article{williams2016rapid,
  title={Rapid evolution accelerates plant population spread in fragmented experimental landscapes},
  author={Williams, Jennifer L and Kendall, Bruce E and Levine, Jonathan M},
  journal={Science},
  volume={353},
  number={6298},
  pages={482--485},
  year={2016},
  publisher={American Association for the Advancement of Science}
}

@article{alex2013evolution,
  title={Evolution of dispersal and life history interact to drive accelerating spread of an invasive species},
  author={Alex Perkins, T and Phillips, Benjamin L and Baskett, Marissa L and Hastings, Alan},
  journal={Ecology Letters},
  volume={16},
  number={8},
  pages={1079--1087},
  year={2013},
  publisher={Wiley Online Library}
}

@article{fronhofer2015eco,
  title={Eco-evolutionary feedbacks during experimental range expansions},
  author={Fronhofer, Emanuel A and Altermatt, Florian},
  journal={Nature communications},
  volume={6},
  pages={6844},
  year={2015},
  publisher={Nature Publishing Group}
}

@article{phillips2010life,
  title={Life-history evolution in range-shifting populations},
  author={Phillips, Benjamin L and Brown, Gregory P and Shine, Richard},
  journal={Ecology},
  volume={91},
  number={6},
  pages={1617--1627},
  year={2010},
  publisher={Wiley Online Library}
}

@article{orr1994does,
  title={Does diploidy increase the rate of adaptation?},
  author={Orr, H Allen and Otto, Sarah P},
  journal={Genetics},
  volume={136},
  number={4},
  pages={1475--1480},
  year={1994},
  publisher={Genetics Soc America}
}

@article{zeyl2003evolutionary,
  title={An evolutionary advantage of haploidy in large yeast populations},
  author={Zeyl, Clifford and Vanderford, Thomas and Carter, Michele},
  journal={Science},
  volume={299},
  number={5606},
  pages={555--558},
  year={2003},
  publisher={American Association for the Advancement of Science}
}

@article{goddard2005sex,
  title={Sex increases the efficacy of natural selection in experimental yeast populations},
  author={Goddard, Matthew R and Godfray, H Charles J and Burt, Austin},
  journal={Nature},
  volume={434},
  number={7033},
  pages={636},
  year={2005},
  publisher={Nature Publishing Group}
}

@article{pritchard2010genetics,
  title={The genetics of human adaptation: hard sweeps, soft sweeps, and polygenic adaptation},
  author={Pritchard, Jonathan K and Pickrell, Joseph K and Coop, Graham},
  journal={Current biology},
  volume={20},
  number={4},
  pages={R208--R215},
  year={2010},
  publisher={Elsevier}
}